@misc{naozuka_logistica_2025,
  author       = {Gustavo T. Naozuka},
  title        = {Modelos Probabil{\'\i}sticos e Regress{\~a}o Log{\'\i}stica},
  howpublished = {Slides de aula},
  year         = {2025},
  note         = {Aprendizado de M{\'a}quina}
}

@misc{naozuka_knn_2025,
  author       = {Gustavo T. Naozuka},
  title        = {k-NN e Introdu{\c c}{\~a}o a Python},
  howpublished = {Slides de aula},
  year         = {2025},
  note         = {Aprendizado de M{\'a}quina}
}

@misc{naozuka_metricas_2025,
  author       = {Gustavo T. Naozuka},
  title        = {Medidas de Avalia{\c c}{\~a}o de Algoritmos de Classifica{\c c}{\~a}o},
  howpublished = {Slides de aula},
  year         = {2025},
  note         = {Aprendizado de M{\'a}quina}
}

@misc{misc_dodgers_2010,
  author       = {Askitis, Nikolas},
  title        = {{Dodgers Loop Sensor Dataset}},
  year         = {2010},
  howpublished = {UCI Machine Learning Repository},
  note         = {Dispon√≠vel em: \url{https://archive.ics.uci.edu/dataset/157/dodgers+loop+sensor}},
  doi          = {10.24432/C5C889}
}